@inproceedings{berger2010fully,
  title={Fully dynamic speed-up techniques for multi-criteria shortest path searches in time-dependent networks},
  author={Berger, Annabell and Grimmer, Martin and M{\"u}ller-Hannemann, Matthias},
  booktitle={International Symposium on Experimental Algorithms},
  pages={35--46},
  year={2010},
  organization={Springer}
}

@article{pugliese2013survey,
  title={A survey of resource constrained shortest path problems: Exact solution approaches},
  author={Pugliese, Luigi Di Puglia and Guerriero, Francesca},
  journal={Networks},
  volume={62},
  number={3},
  pages={183--200},
  year={2013},
  publisher={Wiley Online Library}
}


@inproceedings{kohler2005acceleration,
  title={Acceleration of shortest path and constrained shortest path computation},
  author={K{\"o}hler, Ekkehard and M{\"o}hring, Rolf H and Schilling, Heiko},
  booktitle={International Workshop on Experimental and Efficient Algorithms},
  pages={126--138},
  year={2005},
  organization={Springer}
}

@inproceedings{funke2013polynomial,
  title={Polynomial-time construction of contraction hierarchies for multi-criteria objectives},
  author={Funke, Stefan and Storandt, Sabine},
  booktitle={Proceedings of the Meeting on Algorithm Engineering \& Expermiments},
  pages={41--54},
  year={2013},
  organization={Society for Industrial and Applied Mathematics}
}


@article{abraham2016highway,
  title={Highway dimension and provably efficient shortest path algorithms},
  author={Abraham, Ittai and Delling, Daniel and Fiat, Amos and Goldberg, Andrew V and Werneck, Renato F},
  journal={Journal of the ACM (JACM)},
  volume={63},
  number={5},
  pages={41},
  year={2016},
  publisher={ACM}
}

@inproceedings{abraham2010highway,
  title={Highway dimension, shortest paths, and provably efficient algorithms},
  author={Abraham, Ittai and Fiat, Amos and Goldberg, Andrew V and Werneck, Renato F},
  booktitle={Proceedings of the twenty-first annual ACM-SIAM symposium on Discrete Algorithms},
  pages={782--793},
  year={2010},
  organization={Society for Industrial and Applied Mathematics}
}

@inproceedings{abraham2012hierarchical,
  title={Hierarchical hub labelings for shortest paths},
  author={Abraham, Ittai and Delling, Daniel and Goldberg, Andrew V and Werneck, Renato F},
  booktitle={European Symposium on Algorithms},
  pages={24--35},
  year={2012},
  organization={Springer}
}

@inproceedings{ma2013using,
  title={Using bidirectional search to compute optimal shortest paths over multi-weight graphs},
  author={Ma, Hui and Liang, Ruishi},
  booktitle={Information Science and Cloud Computing Companion (ISCC-C), 2013 International Conference on},
  pages={66--71},
  year={2013},
  organization={IEEE}
}

@inproceedings{geisberger2008contraction,
    title={Contraction hierarchies: Faster and simpler hierarchical routing in road networks},
    author={Geisberger, Robert and Sanders, Peter and Schultes, Dominik and Delling, Daniel},
    booktitle={International Workshop on Experimental and Efficient Algorithms},
    pages={319--333},
    year={2008},
    organization={Springer}
}


@inproceedings{holte2016bidirectional,
  title={Bidirectional Search That Is Guaranteed to Meet in the Middle.},
  author={Holte, Robert C and Felner, Ariel and Sharon, Guni and Sturtevant, Nathan R},
  booktitle={AAAI},
  pages={3411--3417},
  year={2016}
}

@inproceedings{abraham2010highway,
  title={Highway dimension, shortest paths, and provably efficient algorithms},
  author={Abraham, Ittai and Fiat, Amos and Goldberg, Andrew V and Werneck, Renato F},
  booktitle={Proceedings of the twenty-first annual ACM-SIAM symposium on Discrete Algorithms},
  pages={782--793},
  year={2010},
  organization={Society for Industrial and Applied Mathematics}
}

@article{dijkstra1959note,
  title={A note on two problems in connexion with graphs},
  author={Dijkstra, Edsger W},
  journal={Numerische mathematik},
  volume={1},
  number={1},
  pages={269--271},
  year={1959},
  publisher={Springer}
}

